@book{halmos1960naive,
  title={Naive set theory},
  author={Halmos, Paul Richard},
  year={1960},
  publisher={van Nostrand}
}

@book{pierce2002types,
  title={Types and programming languages},
  author={Pierce, Benjamin C},
  year={2002},
  publisher={MIT press}
}

@article{hughes1989functional,
  title={Why functional programming matters},
  author={Hughes, John},
  journal={The computer journal},
  volume={32},
  number={2},
  pages={98--107},
  year={1989},
  publisher={Oxford University Press}
}




