@inproceedings{xi2003guarded,
  title={Guarded recursive datatype constructors},
  author={Xi, Hongwei and Chen, Chiyan and Chen, Gang},
  booktitle={ACM SIGPLAN Notices},
  volume={38},
  number={1},
  pages={224--235},
  year={2003},
  organization={ACM}
}

@techreport{cheney2003first,
  title={First-class phantom types},
  author={Cheney, James and Hinze, Ralf},
  year={2003},
  institution={Cornell University}
}

@techreport{jones2004wobbly,
  title={Wobbly types: type inference for generalised algebraic data types},
  author={Jones, Simon Peyton and Washburn, Geoffrey and Weirich, Stephanie},
  year={2004},
  institution={Technical Report MS-CIS-05-26, Univ. of Pennsylvania}
}

@book{brady2017type,
  title={Type-driven development with Idris},
  author={Brady, Edwin},
  year={2017},
  publisher={Simon and Schuster}
}

@article{wadler2015propositions,
  title={Propositions as types},
  author={Wadler, Philip},
  journal={Communications of the ACM},
  volume={58},
  number={12},
  pages={75--84},
  year={2015},
  publisher={ACM New York, NY, USA}
}


