@inproceedings{xi2003guarded,
  title={Guarded recursive datatype constructors},
  author={Xi, Hongwei and Chen, Chiyan and Chen, Gang},
  booktitle={ACM SIGPLAN Notices},
  volume={38},
  number={1},
  pages={224--235},
  year={2003},
  organization={ACM}
}

@techreport{cheney2003first,
  title={First-class phantom types},
  author={Cheney, James and Hinze, Ralf},
  year={2003},
  institution={Cornell University}
}

@techreport{jones2004wobbly,
  title={Wobbly types: type inference for generalised algebraic data types},
  author={Jones, Simon Peyton and Washburn, Geoffrey and Weirich, Stephanie},
  year={2004},
  institution={Technical Report MS-CIS-05-26, Univ. of Pennsylvania}
}

@book{brady2017type,
  title={Type-driven development with Idris},
  author={Brady, Edwin},
  year={2017},
  publisher={Simon and Schuster}
}

@article{wadler2015propositions,
  title={Propositions as types},
  author={Wadler, Philip},
  journal={Communications of the ACM},
  volume={58},
  number={12},
  pages={75--84},
  year={2015},
  publisher={ACM New York, NY, USA}
}

@inproceedings{bizjak2016guarded,
  title={Guarded dependent type theory with coinductive types},
  author={Bizjak, Ale{\v{s}} and Grathwohl, Hans Bugge and Clouston, Ranald and M{\o}gelberg, Rasmus E and Birkedal, Lars},
  booktitle={International Conference on Foundations of Software Science and Computation Structures},
  pages={20--35},
  year={2016},
  organization={Springer}
}

@inproceedings{altenkirch2007observational,
  title={Observational equality, now!},
  author={Altenkirch, Thorsten and McBride, Conor and Swierstra, Wouter},
  booktitle={Proceedings of the 2007 workshop on Programming languages meets program verification},
  pages={57--68},
  year={2007}
}

@article{pujet2022observational,
  title={Observational equality: now for good},
  author={Pujet, Lo{\"\i}c and Tabareau, Nicolas},
  journal={Proceedings of the ACM on Programming Languages},
  volume={6},
  number={POPL},
  pages={1--27},
  year={2022},
  publisher={ACM New York, NY, USA}
}

@inproceedings{atkey2018syntax,
  title={Syntax and semantics of quantitative type theory},
  author={Atkey, Robert},
  booktitle={Proceedings of the 33rd Annual ACM/IEEE Symposium on Logic in Computer Science},
  pages={56--65},
  year={2018}
}

@book{winskel1993formal,
  title={The formal semantics of programming languages: an introduction},
  author={Winskel, Glynn},
  year={1993},
  publisher={MIT press}
}

