@techreport{cheney2003first,
  title={First-class phantom types},
  author={Cheney, James and Hinze, Ralf},
  year={2003},
  institution={Cornell University}
}

@inproceedings{xi2003guarded,
  title={Guarded recursive datatype constructors},
  author={Xi, Hongwei and Chen, Chiyan and Chen, Gang},
  booktitle={ACM SIGPLAN Notices},
  volume={38},
  number={1},
  pages={224--235},
  year={2003},
  organization={ACM}
}


