@book{halmos1960naive,
  title={Naive set theory},
  author={Halmos, Paul Richard},
  year={1960},
  publisher={van Nostrand}
}

@book{pierce2002types,
  title={Types and programming languages},
  author={Pierce, Benjamin C},
  year={2002},
  publisher={MIT press}
}



